@ARTICLE{slam, author={C. {Cadena} and L. {Carlone} and H. {Carrillo} and Y. {Latif} and D. {Scaramuzza} and J. {Neira} and I. {Reid} and J. J. {Leonard}}, journal={IEEE Transactions on Robotics}, title={Past, Present, and Future of Simultaneous Localization and Mapping: Toward the Robust-Perception Age}, year={2016}, volume={32}, number={6}, pages={1309-1332},} 

@ARTICLE{deeprl, author={K. {Arulkumaran} and M. P. {Deisenroth} and M. {Brundage} and A. A. {Bharath}}, journal={IEEE Signal Processing Magazine}, title={Deep Reinforcement Learning: A Brief Survey}, year={2017}, volume={34}, number={6}, pages={26-38},} 

@ARTICLE{gnn, author={F. {Scarselli} and M. {Gori} and A. C. {Tsoi} and M. {Hagenbuchner} and G. {Monfardini}}, journal={IEEE Transactions on Neural Networks}, title={The Graph Neural Network Model}, year={2009}, volume={20}, number={1}, pages={61-80},} 

@incollection{ddql, title = {Double Q-learning}, author = {Hado V. Hasselt}, booktitle = {Advances in Neural Information Processing Systems 23}, editor = {J. D. Lafferty and C. K. I. Williams and J. Shawe-Taylor and R. S. Zemel and A. Culotta}, pages = {2613--2621}, year = {2010}, publisher = {Curran Associates, Inc.}, url = {http://papers.nips.cc/paper/3964-double-q-learning.pdf}}

@inproceedings{drldql,
author = {Hasselt, Hado van and Guez, Arthur and Silver, David},
title = {Deep Reinforcement Learning with Double Q-Learning},
year = {2016},
publisher = {AAAI Press},
booktitle = {Proceedings of the Thirtieth AAAI Conference on Artificial Intelligence},
pages = {2094–2100},
numpages = {7},
location = {Phoenix, Arizona},
series = {AAAI’16}
}

@misc{li2015gated,
    title={Gated Graph Sequence Neural Networks},
    author={Yujia Li and Daniel Tarlow and Marc Brockschmidt and Richard Zemel},
    year={2015},
    eprint={1511.05493},
    archivePrefix={arXiv},
    primaryClass={cs.LG}
}

@inproceedings{gru,
    title = "Learning Phrase Representations using {RNN} Encoder{--}Decoder for Statistical Machine Translation",
    author = {Cho, Kyunghyun  and
      van Merri{\"e}nboer, Bart  and
      Gulcehre, Caglar  and
      Bahdanau, Dzmitry  and
      Bougares, Fethi  and
      Schwenk, Holger  and
      Bengio, Yoshua},
    booktitle = "Proceedings of the 2014 Conference on Empirical Methods in Natural Language Processing ({EMNLP})",
    month = oct,
    year = "2014",
    address = "Doha, Qatar",
    publisher = "Association for Computational Linguistics",
    url = "https://www.aclweb.org/anthology/D14-1179",
    doi = "10.3115/v1/D14-1179",
    pages = "1724--1734",
}

@misc{clevert2015fast,
    title={Fast and Accurate Deep Network Learning by Exponential Linear Units (ELUs)},
    author={Djork-Arné Clevert and Thomas Unterthiner and Sepp Hochreiter},
    year={2015},
    eprint={1511.07289},
    archivePrefix={arXiv},
    primaryClass={cs.LG}
}

@inproceedings{paszke2017automatic,
  title={Automatic differentiation in PyTorch},
  author={Paszke, Adam and Gross, Sam and Chintala, Soumith and Chanan, Gregory and Yang, Edward and DeVito, Zachary and Lin, Zeming and Desmaison, Alban and Antiga, Luca and Lerer, Adam},
  booktitle={NIPS-W},
  year={2017}
}


@inproceedings{Fey/Lenssen/2019,
  title={Fast Graph Representation Learning with {PyTorch Geometric}},
  author={Fey, Matthias and Lenssen, Jan E.},
  booktitle={ICLR Workshop on Representation Learning on Graphs and Manifolds},
  year={2019},
}

@article{mnih2015humanlevel,
  added-at = {2015-08-26T14:46:40.000+0200},
  author = {Mnih, Volodymyr and Kavukcuoglu, Koray and Silver, David and Rusu, Andrei A. and Veness, Joel and Bellemare, Marc G. and Graves, Alex and Riedmiller, Martin and Fidjeland, Andreas K. and Ostrovski, Georg and Petersen, Stig and Beattie, Charles and Sadik, Amir and Antonoglou, Ioannis and King, Helen and Kumaran, Dharshan and Wierstra, Daan and Legg, Shane and Hassabis, Demis},
  biburl = {https://www.bibsonomy.org/bibtex/2fb15f4471c81dc2b9edf2304cb2f7083/hotho},
  description = {Human-level control through deep reinforcement learning - nature14236.pdf},
  interhash = {eac59980357d99db87b341b61ef6645f},
  intrahash = {fb15f4471c81dc2b9edf2304cb2f7083},
  issn = {00280836},
  journal = {Nature},
  keywords = {deep learning toread},
  month = feb,
  number = 7540,
  pages = {529--533},
  publisher = {Nature Publishing Group, a division of Macmillan Publishers Limited. All Rights Reserved.},
  timestamp = {2015-08-26T14:46:40.000+0200},
  title = {Human-level control through deep reinforcement learning},
  url = {http://dx.doi.org/10.1038/nature14236},
  volume = 518,
  year = 2015
}

